
@article{loiDeConservation,
	author 	= 	{Ravindra K. Ahuja, Thomas L. MAgnanti, James B. Orlin},
	title 		= 	{Networks flows },
	year		= 	{1993},
	publisher 	= 	{Prentice-Hall, Inc},
	journal	=	{A Simon \& Schuster Company, Englewood Cliffs, NJ},
	pages	=	{166-196}
}

@article{saxtheorique,
	author 	= 	{ E. Keogh, J. Lin and A. Fu  },
	title 		= 	{ HOT SAX: Efficiently Finding the Most Unusual Time Series Subsequence },
	year		= 	{ Nov 27-30, 2005 },
	journal 	= 	{ In Proc. of the 5th IEEE International Conference on Data Mining },
	volume 	=	{ ICDM2005 },
	pages	=	{ 226 - 233 }
}

@article{paatheorique ,
	author 	= 	{Chonghui Guo, Hailin Li, Donghua Pan },
	title 		= 	{An Improved Piecewise Aggregate Approximation Based on Statistical Features for Time Series Mining  },
	year		= 	{September 1-3, 2010 },
	journal 	= 	{4th International Conference, KSEM 2010 },
	pages	=	{234-244 }
}

@article{ proximalAlgorithms ,
	author 	= 	{ Neal Parik, Stephen Boyd },
	title 		= 	{ proximal algorithms },
	year		= 	{ 2013 },
	publisher	= 	{ NOW Foundation and Trends in optimization  },
	volume 	=	{ 1 },
	number	= 	{ 3  },
	pages	=	{ 142-156 }
}

@article{ BronAndKerbosh,
	author 	= 	{ Bron and Kerbosh},
	title 		= 	{ finding all cliques of an undirected graph},
	year		= 	{ 1973},
	journal 	= 	{ ACM},
	number	= 	{ 16},
	pages	=	{ 575-577}
}

@article{ tomita2006worst,
  	title		=	{The worst-case time complexity for generating all maximal cliques and computational experiments},
  	author	=	{Tomita, Etsuji and Tanaka, Akira and Takahashi, Haruhisa},
  	journal	=	{Theoretical Computer Science},
  	volume	=	{363},
  	number	=	{1},
  	pages	=	{28--42},
  	year		=	{2006},
  	publisher	=	{Elsevier}
}

@inproceedings{	eppstein2011listing,
	  title	=	{Listing all maximal cliques in large sparse real-world graphs},
	  author	=	{Eppstein, David and Strash, Darren},
	  booktitle=	{International Symposium on Experimental Algorithms},
	  pages	=	{364--375},
	  year	=	{2011},
  organization=	{Springer}
}
@article{ decompositionEnCliques,
	author 	= 	{Degiorgi Daniele Giorgio, Simon Klaus},
	title 		= 	{ A dynamic algorithm for line graph recognition },
	year		= 	{ 1995 },
	journal 	= 	{ Graph theoretic concepts in computer science (Aachen, 1995) },
	volume 	=	{ lectures Notes in Computer Science, 1017, berlin },
	publisher	= 	{ Springer },
	pages	=	{ 37-48 }
}

@article{harary1960some,
  title={Some properties of line digraphs},
  author={Harary, Frank and Norman, Robert Z},
  journal={Rendiconti del Circolo Matematico di Palermo},
  volume={9},
  number={2},
  pages={161--168},
  year={1960},
  publisher={Springer}
}

@article{ lineGraphe,
	author 	= 	{Harary F.},
	title 		= 	{ 8. line graphs },
	year		= 	{ 1972 },
	journal 	= 	{ Graph theory (PDF) },
	publisher 	=	{ Massachusetts: Addison-Wesley },
	pages	=	{ 71-83 }
}

@article{ decompositionEnCliquesParArcs,
	author 	= 	{ Philippe G.H Lehot},
	title 		= 	{ An Optimal Algorithm to Detect a Line Graph and Output its Root Graph },
	year		= 	{ october 1974 },
	journal 	= 	{ ACM 21(4) },
	pages	=	{ 569-575 },
	annote    =      {Cet algorithme se subdivise en deux parties : 
La premi\`ere partie consiste \`a nommer des sommets appartenant \'a une m\^eme clique et la seconde partie \`a comparer, s'il existe, le line graphe propos\'e avec celui du graphe racine. 
Concernant le nommage, il distingue 5 categories de sommets:
\begin{itemize}
\item les sommets "well-defined" : des sommets graphe racine $G$ dont leur clique correspondante dans $L(G)$ a \'et\'e trouv\'ee et identifi\'ee.
\item les sommets "half-named" : des sommets de $L(G)$ dont un sommet de leur ar\^ete dans $G$ a d\'ej\`a \'et\'e "well-defined".
\item les sommets "fully-named" : des aretes de $G$ dont leurs deux sommets dans $L(G)$ sont "well-defined".
\item les sommets "basics" : sommets adjacents dans $L(G)$. Not\e $2-3$, chaque chiffre est un sommet dans $G$.
\item les sommets "cross" : sommets adjacents aux sommets "basics" appartenant \`a deux cliques.
\end{itemize}
Le but de cet algorithme est d'identifier les sommets "cross" parmi les sommets adjacents d'un sommet de $L(G)$ \`a partir des trois cas \cite[ decompositionEnCliquesParArcs]. \newline
L'algorithme debute par la selection de deux sommets "half-named basics" et de leur ensemble d'adjacents $X$.
Si $|X| = \emptyset$ alors tous les sommets des cliques sont identifi\'es en "half-named".
Si $|X| = 1$ alors il existe un sommet $x$ adjacent aux deux sommets "basics" ($1-2,2-3$) tel que $(x,1-2,2-3)$ forme un triangle "odd" si $x=2_4$ ou un triangle "even" si $x=1-3$. Le sommet $x$ devient $cross$ et est identifi\'e en "fully named". Les autres sommets $1-2,2-3$ sont identifi\'es en "half-named".
Dans le cas o\`u  $|X = \{x,y\}|=2$, si $x$ et $y$ sont adjacents alors il n'existe pas de sommets "cross" sinon ils constituent deux triangles avec $1-2,2-3$. Un de ces triangles est "odd" implique que $x=2-4$ , $y=1-3$ et $y$ est identifi\'e en sommet "cross".
Enfin pour $|X =\{ a,b,...\}| \ge 3$, si $a$ et $b$ sont adjacents, $b$ est declar\'e sommet "cross" sinon c'est $a$ qui le devient.
La derniere \'etape selectionne al\'eatoirement un sommet $u$ "half-named". Ce sommet est adjacent \`a un sommet $v$ "fully-named". Si ce sommet $v$ n'est pas d\'ej\`a couvert par une clique, alors il existe un sommet $z$ "fully-named" qui appartient d\'ej\`a \`a une clique et qui est declar\'e sommet "cross" de ces deux pr\'ec\'edents sommets $u$ et $v$. Trouver ces sommets $u$ et $v$ (gr\^ace \`a une pile ad-hoc ou $u$ et $v$ sont en t\^ete) et declarons les avec le num\'ero de la clique. Tous les sommets sont nomm\'es "fully-named" et nous identifions les sommets "fully-named" adjacents par un nouveau num\'ero de clique.
\newline
Nous comparons les graphes $L(G)$ et $G$ ar\^etes par ar\^etes et s'il existe une ar\^ete n'ayant pas de correspondance alors L(G) n'est pas un line-graphe.
\newline
L'algorithme s'execute en $O(N)+E$ avec $N$ car le processus de nommage des ar\^etes est en $O(N)$ et la comparaison entre graphes en $E$ \'etapes.

}

@article{ROUSSOPOULOS1973108,
	title = {"A max m,n algorithm for determining the graph H from its line graph G"},
	journal = {Information Processing Letters},
	volume = {2},
	number = {4},
	pages = { 108 - 112 },
	year = {1973},
	note = {''''},
	issn = { 0020-0190},
	doi = {http://dx.doi.org/10.1016/0020-0190(73)90029-X},
	url =  {http://www.sciencedirect.com/science/article/pii/002001907390029X},
	author = {Nicholas D. Roussopoulos},
	keywords = {graph, maximal subgroup, complete graph, complete bipartite, automorphism}
}
@article{ NAOR1990132,
	title = {An efficient reconstruction of a graph from its line graph in parallel},
	journal = {Journal of Algorithms},
	volume = {11},
	number = {1},
	pages = {132 - 143},
	year = {1990},
	note = {it is possible to compute the root graphe  in $O(log(V))$ time by using the divide-and-conquer scheme and $O(E)$ processors},
	issn = {0196-6774},
	doi = {http://dx.doi.org/10.1016/0196-6774(90)90034-C},
	url = {http://www.sciencedirect.com/science/article/pii/019667749090034C},
	author = {Joseph Naor and Mark B Novick"}
}
@article{whitney1932congruent,
 	 title={Congruent graphs and the connectivity of graphs},
  	author={Whitney, Hassler},
 	 journal={American Journal of Mathematics},
  	volume={54},
 	 number={1},
 	 pages={150--168},
 	 year={1932},
 	 publisher={JSTOR},
 	 note={Concept of root graph was introduced by Whitney and he proved that if two linegraphs are isomorphic and connected, then their root graphs are isomorphic except for the triangle graph.}
}

% \AtEveryBibitem{%
%  \clearfield{note}%
%}
@article{ RNM,
	author 	= 	{Carlos Mateo Domingo, Tom\'as Gomez San Roman, \'Alvaro Sanchez-Miralles},
	title 		= 	{ A Reference Network Model for Large-Scale Distribution Planning With Automatic Street Map Generation  },
	year		= 	{08 July 2010 },
	journal 	= 	{ IEEE Transactions on Power Systems },
	volume 	=	{  26 },
	number	= 	{ 11769694  },
	pages	=	{ 190-197 },
	annote  	= 	{an engineering-based reference network model (RNM) is employed to generate a forward-looking benchmark of efficient network expenditures. The RNM designs an efficient distribution network that can accommodate expected growth of distributed energy resources as well as new network smart grid technologies and practices. In short, the RNM helps the regulator ``peer into the future'', reducing both information asymmetry and systemic uncertainty}
}

@article{ britishEnergyNetwork,
	author 	= 	{Phil Lawton},
	title 		= 	{ Balancing the energy network  },
	year		= 	{ 2012},
	journal 	= 	{ IngeniaOnline},
	pages	=	{1-4},
	note 	=	{investissement of UK electricity network, regulation of energy supply, tackling wind imbalances, Maintaining network security, managing gas}
}

% line graphes et sa racine reconnaissance
@article{ROOIJetWILF1965interchange,
  title={The interchange graph of a finite graph},
  author={van Rooij, ACMM and Wilf, H},
  journal={Acta Mathematica Hungarica},
  volume={16},
  number={3-4},
  pages={263--269},
  year={1965},
  publisher={Akad{\'e}miai Kiad{\'o}, co-published with Springer Science+ Business Media BV, Formerly Kluwer Academic Publishers BV}
}

@article{krausz1943demonstration,
  title={D{\'e}monstration nouvelle d’une th{\'e}or{\`e}me de Whitney sur les r{\'e}seaux},
  author={Krausz, J},
  journal={Mat. Fiz. Lapok},
  volume={50},
  number={1},
  pages={75--85},
  year={1943}
}

@article{beineke1968derived,
  title={Derived graphs and digraphs},
  author={Beineke, Lowell W},
  journal={Beitr{\"a}ge zur Graphentheorie},
  pages={17--33},
  year={1968},
  publisher={Teubner Leipzig}
}

@article{ORE,
 ISSN = {00029890, 19300972},
 URL = {http://www.jstor.org/stable/2310804},
 author = {Oystein Ore},
 journal = {The American Mathematical Monthly},
 number = {8},
 pages = {819-820},
 publisher = {Mathematical Association of America},
 reviewed-author = {H. A. Freebury},
 volume = {69},
 year = {1962}
}

@Article{Halldorsson2013,
	author={Halld{\'o}rsson, Bjarni V.
				and Blokh, Dima
				and Sharan, Roded},
	title = {Estimating population size via line graph reconstruction},
	journal = {Algorithms for Molecular Biology},
	URL={https://www.ncbi.nlm.nih.gov/pmc/articles/PMC3716786/},
	year = {2013},
	month = {Jul},
	volume = { 8},
	number = {1},
	pages = {17},
	abstract={We propose a novel graph theoretic method to estimate haplotype population size from genotype data. The method considers only the potential sharing of haplotypes between individuals and is based on transforming the graph of potential haplotype sharing into a line graph using a minimum number of edge and vertex deletions.},
	issn = {1748-7188},
	doi = {10.1186/1748-7188-8-17},
	url = {https://doi.org/10.1186/1748-7188-8-17},
	annote = {l’article propose une m\'ethode de d\'ecouverte de la gen\'ealogie de population en se basant sur les haplotypes partag\'ees dans 	les genomes des individus. L’objectif \'etant d’identifier ses haplotypes communs \`a des individus, l’approche choisie est la notion de line graphes. L’utilisation de line-graphes est pertinente parce que ces haplotypes sont uniques et deux individus partageant les memes haplotypes sont li\'es par une ar\^ete. Ces haplotypes deviennent les sommets du line graphes et l’arbre gen\'ealogique est connu en utilisant le graphe racine du line graphe. 
\`A partir des individus et de leurs haloptypes, on construit un graphe dont les individus sont des sommets et les haloptypes sont des ar\^etes de ce graphe dans laquelle deux individus partageant entre cette propri\'et\'e sont reli\'es par une ar\^ete. Ce graphe prend le nom de graphe Clark Consistency graph \cite{halldorsson2011clark}. Si ce graphe est correct alors il est un line-graphe. Cependant certains haloptypes sont surperfus et certaines ar\^etes du graphe n’ayant aucune signification engendrant que le graphe ne soit pas un line-graphe. 
Ce probleme \'etant NP-Complete, la solution propos\'ee realise un algorithme de suppression de sommets et un algorithme de suppression d’ar\^etes. L’algorithme de suppression de sommets est une 6-approximation alors que celui des ar\^etes est de complexit\'e $O(n*m)$ avec $m$ le nombre de sommets et $n$ le nombre d'ar\^etes.
Dans le cas ou il realise des suppressions, le line graphe fourni est le plus proche possible du line graphe de l’arbre genealogique.
La particularit\'e de  la solution est l’absence d’ar\^etes ajout\'ees dans le line-graphe entrainant que cette solution est inapplicable dans notre probleme ou il existe des aretes inconnus dans notre graphe de correlation.}
	}

@article{halldorsson2011clark,
  title={The Clark Phaseable sample size problem: long-range phasing and loss of heterozygosity in GWAS},
  author={Halld{\'o}rsson, Bjarni V and Aguiar, Derek and Tarpine, Ryan and Istrail, Sorin},
  journal={Journal of Computational Biology},
  volume={18},
  number={3},
  pages={323--333},
  year={2011},
  publisher={Mary Ann Liebert, Inc. 140 Huguenot Street, 3rd Floor New Rochelle, NY 10801 USA}
}

@inproceedings{yannakakis1978node,
  title={Node-and edge-deletion NP-complete problems},
  author={Yannakakis, Mihalis},
  booktitle={Proceedings of the tenth annual ACM symposium on Theory of computing},
  pages={253--264},
  year={1978},
  organization={ACM}
}
@article{anandkumar2013topology,
  title={Topology discovery of sparse random graphs with few participants},
  author={Anandkumar, Animashree and Hassidim, Avinatan and Kelner, Jonathan},
  journal={Random Structures \& Algorithms},
  volume={43},
  number={1},
  pages={16--48},
  year={2013},
  publisher={Wiley Online Library}
}
@article{SAEED2015104,
title = {A Network Topology Discovery Tool for Android Smart Phones},
journal = {Procedia Computer Science},
volume = {63},
pages = {104 - 111},
year = {2015},
note = {The 6th International Conference on Emerging Ubiquitous Systems and Pervasive Networks (EUSPN 2015)/ The 5th International Conference on Current and Future Trends of Information and Communication Technologies in Healthcare (ICTH-2015)/ Affiliated Workshops},
issn = {1877-0509},
doi = {https://doi.org/10.1016/j.procs.2015.08.318},
url = {http://www.sciencedirect.com/science/article/pii/S1877050915024461},
author = {Bilal Saeed and Tarek Sheltami and Elhadi Shakshuki},
keywords = {Android, TDA, Network, ICMP}
}
@manual{rfc792,
  author = "Postel, J.",
  title = "{Internet Control Message Protocol}",
  note = {RFC 792},
  organization = IETF,
  year = 1981,
  month = sep
}
@manual{rfc2821,
  author =	 {J. Klensin},
  title =	 {Simple Mail Transfer Protocol},
  month =	 apr,
  year =	 2001,
  note =	 {RFC 2821},
  organization = IETF
}
@article{Breitbart:2004:TDH:1008463.1008464,
 author = {Breitbart, Yuri and Garofalakis, Minos and Jai, Ben and Martin, Cliff and Rastogi, Rajeev and Silberschatz, Avi},
 title = {Topology Discovery in Heterogeneous IP Networks: The NetInventory System},
 journal = {IEEE/ACM Trans. Netw.},
 issue_date = {June 2004},
 volume = {12},
 number = {3},
 month = jun,
 year = {2004},
 issn = {1063-6692},
 pages = {401--414},
 numpages = {14},
 url = {http://dx.doi.org/10.1109/TNET.2004.828963},
 doi = {10.1109/TNET.2004.828963},
 acmid = {1008464},
 publisher = {IEEE Press},
 address = {Piscataway, NJ, USA},
 keywords = {IP network management, SNMP MIBs, physical network topology, switched Ethernet},
} 
@article{QinKuangyuChunquan2010,
author = {Qin, Kuangyu and li, Chunquan},
year = {2010},
month = {12},
pages = {1-3},
title = {Network topologic discovery based on SNMP}
}
@article{AhmedRafatAbouchabaka2014,
author = {Ahmed Alhanani, Rafat and Abouchabaka, Jaafar},
year = {2014},
month = {11},
pages = {530-535},
title = {An overview of different techniques and algorithms for network topology discovery}
}
@article{OpenView,
title = {what is HP OpenView},
year = {2012},
url = { http://www.protocolsoftware.com/hp-openview.php}
}
@article{netInventory,
title = {netInventory documentation},
url = {http://fusioninventory.org/documentation/}
}

@article{ghitaArgyrakiThiran2010,
      title = {Network Tomography on Correlated Links},
      author = {Ghita, Denisa and Argyraki, Katerina and Thiran, Patrick},
      journal = {Proceedings of the ACM Internet Measurement Conference  (IMC)},
      year = {2010},
      abstract = {Network tomography establishes linear relationships  between the characteristics of individual links and those  of end-to-end paths. It has been proved that these  relationships can be used to infer the characteristics of  links from end-to-end measurements, provided that links are  not correlated, i.e., the status of one link is independent  from the status of other links.  In this paper, we consider  the problem of identifying link characteristics from  end-to-end measurements when links are "correlated," i.e.,  the status of one link may depend on the status of other  links. There are several practical scenarios in which this  can happen; for instance, if we know the network topology  at the IP-link or at the domain-link level, then links from  the same local-area network or the same administrative  domain are potentially correlated, since they may be  sharing physical links, network equipment, even management  processes.  We formally prove that, under certain well  defined conditions, network tomography works when links are  correlated, in particular, it is possible to identify the  probability that each link is congested from end-to-end  measurements. We also present a practical algorithm that  computes these probabilities. We evaluate our algorithm  through extensive simulations and show that it is accurate  in a variety of realistic congestion scenarios.},
}
@article{adamsBuFreidmanHorowitz2000,
author = {Adams, Andrew and Bu, Tian and Caceres, Ramn and Duffield, Nick and Horowitz, Joseph and Lo Presti, Francesco and B. Moon, Sue and Paxson, Vern and Towsley, Don},
year = {1999},
month = {10},
pages = {},
title = {The Use of End-to-end Multicast Measurements for Characterizing Internal Network Behavior},
volume = {38},
booktitle = {IEEE Communications Magazine}
}

@article{aryaDuffieldVeitch2008, 
title={Temporal delay tomography},
author={Arya, Vijay and Duffield, Nick G and Veitch, Darryl},
booktitle={INFOCOM 2008. The 27th Conference on Computer Communications. IEEE},
pages={276--280},
year={2008},
organization={IEEE}
}
@article{buDuffieldPrestiTowsley2002, 
title={Network tomography on general topologies},
  author={Bu, Tian and Duffield, Nick and Presti, Francesco Lo and Towsley, Don},
  booktitle={ACM SIGMETRICS Performance Evaluation Review},
  volume={30},
  number={1},
  pages={21--30},
  year={2002},
  organization={ACM}
}
@article{caceresDuffieldHorowistzTowsley1999,
title={Multicast-based inference of network-internal loss characteristics},
  author={C{\'a}ceres, Ram{\'o}n and Duffield, Nick G and Horowitz, Joseph and Towsley, Donald F},
  journal={IEEE Transactions on Information theory},
  volume={45},
  number={7},
  pages={2462--2480},
  year={1999},
  publisher={IEEE}
}
@article{chenCaoBu2007,
  title={Network tomography: Identifiability and fourier domain estimation},
  author={Chen, Aiyou and Cao, Jin and Bu, Tian},
  journal={IEEE Transactions on Signal Processing},
  volume={58},
  number={12},
  pages={6029--6039},
  year={2010},
  publisher={IEEE}
}
@article{nGDuffield2006,
title={Network tomography of binary network performance characteristics},
  author={Duffield, Nick},
  journal={IEEE Transactions on Information Theory},
  volume={52},
  number={12},
  pages={5373--5388},
  year={2006},
  publisher={IEEE}
}
@article{padmanabhanQiuWang2003,
title={Server-based inference of Internet performance},
  author={Padmanbhan, VN and Qiu, L and Wang, H},
  booktitle={In Proc. of IEEE INFOCOM},
  year={2003}
}
@article{sommerBarfordDuffieldRon2007,
title={Accurate and efficient SLA compliance monitoring},
  author={Sommers, Joel and Barford, Paul and Duffield, Nick and Ron, Amos},
  booktitle={ACM SIGCOMM Computer Communication Review},
  volume={37},
  number={4},
  pages={109--120},
  year={2007},
  organization={ACM}
}
@article{ zhaoChenBindel2006,
title={Towards unbiased end-to-end network diagnosis},
  author={Zhao, Yao and Chen, Yan and Bindel, David},
  booktitle={ACM SIGCOMM Computer Communication Review},
  volume={36},
  number={4},
  pages={219--230},
  year={2006},
  organization={ACM}
}
@article{vardi1996,
title={Network tomography: Estimating source-destination traffic intensities from link data},
  author={Vardi, Yehuda},
  journal={Journal of the American statistical association},
  volume={91},
  number={433},
  pages={365--377},
  year={1996},
  publisher={Taylor \& Francis}
}
@article{singalMichailidis2007,
 title={Identifiability of flow distributions from link measurements with applications to computer networks},
  author={Singhal, Harsh and Michailidis, George},
  journal={Inverse Problems},
  volume={23},
  number={5},
  pages={1821},
  year={2007},
  publisher={IOP Publishing}
}
@article{caoDavisWielYu2000,
title={Time-varying network tomography: router link data},
  author={Cao, Jin and Davis, Drew and Vander Wiel, Scott and Yu, Bin},
  journal={Journal of the American statistical association},
  volume={95},
  number={452},
  pages={1063--1075},
  year={2000},
  publisher={Taylor \& Francis Group}
}
@inproceedings{coatesCastroNowak2002,
  title={Maximum likelihood network topology identification from edge-based unicast measurements},
  author={Coates, Mark and Castro, Rui and Nowak, Robert and Gadhiok, Manik and King, Ryan and Tsang, Yolanda},
  booktitle={ACM SIGMETRICS Performance Evaluation Review},
  volume={30},
  number={1},
  pages={11--20},
  year={2002},
  organization={ACM}
}
@article{andrieuDoucetFitzgerald2000bayesian,
  title={Bayesian computational approaches to model selection},
  author={Andrieu, C and Doucet, A and Fitzgerald, W and P{\'e}rez, JM},
  journal={Nonlinear and Nonstationary Signal Processing},
  pages={1},
  year={2000},
  publisher={Cambridge University Press}
}
@article{bestavrosAzerByers2005inference,
  title={Inference and labeling of metric-induced network topologies},
  author={Bestavros, Azer and Byers, John W and Harfoush, Khaled A},
  journal={IEEE Transactions on Parallel and Distributed Systems},
  volume={16},
  number={11},
  pages={1053--1065},
  year={2005},
  publisher={IEEE}
}


@article{cincotta1995astronomical,
  title={Astronomical time series analysis. I. A search for periodicity using information entropy},
  author={Cincotta, Pablo M and Mendez, Mariano and Nunez, Josue A},
  journal={The Astrophysical Journal},
  volume={449},
  pages={231},
  year={1995}
}
@misc{hurley2011methods,
  title={Methods, systems and computer program products for detecting flow-level network traffic anomalies via abstraction levels},
  author={Hurley, Paul T and Kind, Andreas and Stoecklin, Marc Ph},
  year={2011},
  month=jun # "~14",
  publisher={Google Patents},
  note={US Patent 7,962,611}
}
@article{mohanty2000robust,
  title={Robust test for detecting nonstationarity in data from gravitational wave detectors},
  author={Mohanty, Soumya D},
  journal={Physical Review D},
  volume={61},
  number={12},
  pages={122002},
  year={2000},
  publisher={APS}
}
@misc{chaudhary2016network,
  title={Network graph representation of physically connected network},
  author={Chaudhary, Harsh and Kim, Younghun and Kumar, Tarun and Raman, Abhishek and Zhang, Rui},
  year={2016},
  month=oct # "~18",
  publisher={Google Patents},
  note={US Patent 9,473,368}
}


@phdthesis{floreHarleDetectionRuptureMultiples2006,
  title={D{\'e}tection de ruptures multiples dans des s{\'e}ries temporelles multivari{\'e}es: application {\`a} l'inf{\'e}rence de r{\'e}seaux de d{\'e}pendance},
  author={Harlé, Flore},
  year={2016},
  school={Grenoble Alpes}
}

% --------------------------------------------------
% ------------- classification ----------------
% --------------------------------------------------

% repository of UCR
@article{ClassificationFiftyWordUCR,

}
@misc{chen2015ucr,
  title={The ucr time series classification archive},
  author={Chen, Yanping and Keogh, Eamonn and Hu, Bing and Begum, Nurjahan and Bagnall, Anthony and Mueen, Abdullah and Batista, Gustavo},
  year={2015},
   journal={http://www. cs. ucr. edu/\~{} eamonn/TSDMA/index. html},
  publisher={July}
}

@article{keogh2002UCR,
  title={The UCR time series data mining archive},
  author={Keogh, Eammon},
  journal={http://www. cs. ucr. edu/\~{} eamonn/TSDMA/index. html},
  year={2002},
  publisher={University of California-Computer Science \& Engineering Department}
}


@article{marteau2009time,
  title={Time warp edit distance with stiffness adjustment for time series matching},
  author={Marteau, Pierre-Fran{\c{c}}ois},
  journal={IEEE Transactions on Pattern Analysis and Machine Intelligence},
  volume={31},
  number={2},
  pages={306--318},
  year={2009},
  publisher={IEEE}
}
@article{greenberg2002fastLCS,
  title={Fast and simple computation of all longest common subsequences},
  author={Greenberg, Ronald I},
  journal={arXiv preprint cs/0211001},
  year={2002}
}
@article{muller2007dynamicDTW,
  title={Dynamic time warping},
  author={M{\"u}ller, Meinard},
  journal={Information retrieval for music and motion},
  pages={69--84},
  year={2007},
  publisher={Springer}
}

@inproceedings{chen2004marriageLpNorm,
  title={On the marriage of lp-norms and edit distance},
  author={Chen, Lei and Ng, Raymond},
  booktitle={Proceedings of the Thirtieth international conference on Very large data bases-Volume 30},
  pages={792--803},
  year={2004},
  organization={VLDB Endowment}
}

@article{berthold2016clusteringDistancePearson,
  title={On clustering time series using euclidean distance and pearson correlation},
  author={Berthold, Michael R and H{\"o}ppner, Frank},
  journal={arXiv preprint arXiv:1601.02213},
  year={2016}
}

@article{petitjean2011descriptionDTWexemple,
  title={Description des alignements form{\'e}s par DTW},
  author={Petitjean, Fran{\c{c}}ois},
  year={2011}
}

@article{hills2014classificationShapelets,
  title={Classification of time series by shapelet transformation},
  author={Hills, Jon and Lines, Jason and Baranauskas, Edgaras and Mapp, James and Bagnall, Anthony},
  journal={Data Mining and Knowledge Discovery},
  volume={28},
  number={4},
  pages={851--881},
  year={2014},
  publisher={Springer}
}
@inproceedings{lines2012shapelet,
  title={A shapelet transform for time series classification},
  author={Lines, Jason and Davis, Luke M and Hills, Jon and Bagnall, Anthony},
  booktitle={Proceedings of the 18th ACM SIGKDD international conference on Knowledge discovery and data mining},
  pages={289--297},
  year={2012},
  organization={ACM}
}
@article{lin2012rotation,
  title={Rotation-invariant similarity in time series using bag-of-patterns representation},
  author={Lin, Jessica and Khade, Rohan and Li, Yuan},
  journal={Journal of Intelligent Information Systems},
  volume={39},
  number={2},
  pages={287--315},
  year={2012},
  publisher={Springer}
}
@article{lin2007experiencing,
  title={Experiencing SAX: a novel symbolic representation of time series},
  author={Lin, Jessica and Keogh, Eamonn and Wei, Li and Lonardi, Stefano},
  journal={Data Mining and knowledge discovery},
  volume={15},
  number={2},
  pages={107--144},
  year={2007},
  publisher={Springer}
}
@article{baydogan2013bag,
  title={A bag-of-features framework to classify time series},
  author={Baydogan, Mustafa Gokce and Runger, George and Tuv, Eugene},
  journal={IEEE transactions on pattern analysis and machine intelligence},
  volume={35},
  number={11},
  pages={2796--2802},
  year={2013},
  publisher={IEEE}
}
@inproceedings{mueen2011logical,
  title={Logical-shapelets: an expressive primitive for time series classification},
  author={Mueen, Abdullah and Keogh, Eamonn and Young, Neal},
  booktitle={Proceedings of the 17th ACM SIGKDD international conference on Knowledge discovery and data mining},
  pages={1154--1162},
  year={2011},
  organization={ACM}
}
@article{ye2011time,
  title={Time series shapelets: a novel technique that allows accurate, interpretable and fast classification},
  author={Ye, Lexiang and Keogh, Eamonn},
  journal={Data mining and knowledge discovery},
  volume={22},
  number={1-2},
  pages={149--182},
  year={2011},
  publisher={Springer}
}
@article{wang2013experimental,
  title={Experimental comparison of representation methods and distance measures for time series data},
  author={Wang, Xiaoyue and Mueen, Abdullah and Ding, Hui and Trajcevski, Goce and Scheuermann, Peter and Keogh, Eamonn},
  journal={Data Mining and Knowledge Discovery},
  volume={26},
  number={2},
  pages={275--309},
  year={2013},
  publisher={Springer}
}
@article{rakthanmanonfast,
  title={Fast Shapelets: A Scalable Algorithm for Discovering Time Series Shapelets},
  author={Rakthanmanon, Thanawin and Keogh, Eamonn}
}
@inproceedings{lin2003symbolic,
  title={A symbolic representation of time series, with implications for streaming algorithms},
  author={Lin, Jessica and Keogh, Eamonn and Lonardi, Stefano and Chiu, Bill},
  booktitle={Proceedings of the 8th ACM SIGMOD workshop on Research issues in data mining and knowledge discovery},
  pages={2--11},
  year={2003},
  organization={ACM}
}

@article{bagnall2015time,
  title={Time-series classification with COTE: the collective of transformation-based ensembles},
  author={Bagnall, Anthony and Lines, Jason and Hills, Jon and Bostrom, Aaron},
  journal={IEEE Transactions on Knowledge and Data Engineering},
  volume={27},
  number={9},
  pages={2522--2535},
  year={2015},
  publisher={IEEE}
}
@article{bagnallreview,
  title={A review and experimental evaluation of recent advances in time series classification},
  author={Bagnall, Anthony and Lines, Jason and Bostrom, Aaron and Large, James}
}